
@misc{noauthor_how_nodate,
	title = {How to {Write} a {Spelling} {Corrector}},
	url = {https://norvig.com/spell-correct.html},
	urldate = {2023-10-04},
	file = {How to Write a Spelling Corrector:/Users/nicolasgutehrle/Zotero/storage/ITA4RMVV/spell-correct.html:text/html},
}
