@online{wheredidithappen,
author = {Jean-Caurant, Axel and Marjanen, Jani and Pivovarova, Lidia and Gutehrlé, Nicolas and Harlamov, Oleg and Karimi, Farimah and Kirmizialtin, Suphan and Mayer, David and Le Roux, Maelle and Wei, Haoyu},
title = {Where did it happen ?: Spatial imaginaries of World War I},
year = {2021},
url = {https://www.newseye.eu/fr/le-blog/news/where-did-it-happen-spatial-imaginaries-of-world-war-i/},
OPTsubtitle = {•},
OPTtitleaddon = {•},
OPTlanguage = {•},
OPTversion = {•},
OPTnote = {•},
OPTorganization = {•},
date = {24/06/2021},
OPTmonth = {•},
OPTaddendum = {•},
OPTpubstate = {•},
OPTurldate = {•},
}